<?xml version="1.0" encoding="UTF-8"?><record xmlns="http://www.loc.gov/MARC21/slim" xmlns:cinclude="http://apache.org/cocoon/include/1.0" xmlns:zs="http://www.loc.gov/zing/srw/">
  <leader>00538nz  a2200169n  4500</leader>
  <controlfield tag="001">n 2015040024</controlfield>
  <controlfield tag="003">DLC</controlfield>
  <controlfield tag="005">20150625143835.0</controlfield>
  <controlfield tag="008">150625n| azannaabn          |a aaa      </controlfield>
  <datafield tag="010" ind1=" " ind2=" ">
    <subfield code="a">n 2015040024</subfield>
  </datafield>
  <datafield tag="040" ind1=" " ind2=" ">
    <subfield code="a">DLC</subfield>
    <subfield code="b">eng</subfield>
    <subfield code="e">rda</subfield>
    <subfield code="c">DLC</subfield>
  </datafield>
  <datafield tag="100" ind1="1" ind2=" ">
    <subfield code="a">Udom, Uyo-Obong Jumbo</subfield>
  </datafield>
  <datafield tag="374" ind1=" " ind2=" ">
    <subfield code="a">Lawyers</subfield>
    <subfield code="2">lcsh</subfield>
  </datafield>
  <datafield tag="375" ind1=" " ind2=" ">
    <subfield code="a">male</subfield>
  </datafield>
  <datafield tag="377" ind1=" " ind2=" ">
    <subfield code="a">eng</subfield>
  </datafield>
  <datafield tag="400" ind1="1" ind2=" ">
    <subfield code="a">Udom, Jumbo</subfield>
  </datafield>
  <datafield tag="670" ind1=" " ind2=" ">
    <subfield code="a">Nigeria's electoral laws, 2014:</subfield>
    <subfield code="b">t.p. (Uyo-Obong Jumbo Udom) back cover, etc. (Barr. Uyo-Obong Jumbo Udom; litigation lawyer; Barr. Udom; Uyo-Obong Udom, Esq.; Jumbo Udom)</subfield>
  </datafield>
</record>